../../biblio/combined_library.bib